% Put you own bibliography entries in this file
@article{Krohn:2009zg,
    author = "Krohn, David and Thaler, Jesse and Wang, Lian-Tao",
    title = "{Jets with Variable R}",
    eprint = "0903.0392",
    archivePrefix = "arXiv",
    primaryClass = "hep-ph",
    doi = "10.1088/1126-6708/2009/06/059",
    journal = "JHEP",
    volume = "06",
    pages = "059",
    year = "2009"
}
@article{ERDMANN201418,
title = "A likelihood-based reconstruction algorithm for top-quark pairs and the KLFitter framework",
journal = "Nuclear Instruments and Methods in Physics Research Section A: Accelerators, Spectrometers, Detectors and Associated Equipment",
volume = "748",
pages = "18 - 25",
year = "2014",
issn = "0168-9002",
doi = "https://doi.org/10.1016/j.nima.2014.02.029",
url_hide = "http://www.sciencedirect.com/science/article/pii/S0168900214001855",
author = "Johannes Erdmann and Stefan Guindon and Kevin Kr√∂ninger and Boris Lemmer and Olaf Nackenhorst and Arnulf Quadt and Philipp Stolte",
}
@article{Aad:2020gfi,
    author = "Aad, Georges and others",
    collaboration = "ATLAS",
    title = "{Measurements of the production cross-section for a $Z$ boson in association with $b$-jets in proton-proton collisions at $\sqrt{s} = 13$ TeV with the ATLAS detector}",
    eprint = "2003.11960",
    archivePrefix = "arXiv",
    primaryClass = "hep-ex",
    reportNumber = "CERN-EP-2020-022",
    doi = "10.1007/JHEP07(2020)044",
    journal = "JHEP",
    volume = "07",
    pages = "044",
    year = "2020"
}

@article{Aad:2020uwr,
    hideauthor = "Aad, Georges and others",
    collaboration = "ATLAS",
    title = "{Search for phenomena beyond the Standard Model in events with large $b$-jet multiplicity using the ATLAS detector at the LHC}",
    eprint = "2010.01015",
    archivePrefix = "arXiv",
    primaryClass = "hep-ex",
    reportNumber = "CERN-EP-2020-147",
    month = "10",
    year = "2020"
}
@article{LUCID2,
  author={G. Avoni and others},
  title={The new LUCID-2 detector for luminosity measurement and monitoring in ATLAS},
  journal={JINST},
  volume={13},
  number={07},
  pages={P07017},
  doi="10.1088/1748-0221/13/07/P07017",
  year={2018},
}


@article{Aad:2020uyd,
    author = "{ATLAS Collaboration}",
    collaboration = "ATLAS",
    title = "{Performance of the ATLAS muon triggers in Run 2}",
    eprint = "2004.13447",
    archivePrefix = "arXiv",
    primaryClass = "hep-ex",
    reportNumber = "CERN-EP-2020-031",
    doi = "10.1088/1748-0221/15/09/p09015",
    journal = "JINST",
    volume = "15",
    number = "09",
    pages = "P09015",
    year = "2020"
}
@article{Frixione:2007nw,
      author         = "Frixione, Stefano and Nason, Paolo and Ridolfi, Giovanni",
      title          = "{A positive-weight next-to-leading-order Monte Carlo for
                        heavy flavour hadroproduction}",
      journal        = "JHEP",
      volume         = "09",
      pages          = "126",
      doi            = "10.1088/1126-6708/2007/09/126",
      year           = "2007",
      eprint         = "0707.3088",
      archivePrefix  = "arXiv",
      primaryClass   = "hep-ph",
      SLACcitation   = "%%CITATION = ARXIV:0707.3088;%%",
}

@Article{Frixione:2007vw,
      author         = "Frixione, Stefano and Nason, Paolo and Oleari, Carlo",
      title          = "{Matching NLO QCD computations with Parton Shower
                        simulations: the POWHEG method}",
      journal        = "JHEP",
      volume         = "11",
      year           = "2007",
      pages          = "070",
      doi            = "10.1088/1126-6708/2007/11/070",
      eprint         = "0709.2092",
      archivePrefix  = "arXiv",
      primaryClass   = "hep-ph",
      reportNumber   = "BICOCCA-FT-07-9, GEF-TH-21-2007",
      SLACcitation   = "%%CITATION = ARXIV:0709.2092;%%"
}

@Article{Nason:2004rx,
      author         = "Nason, Paolo",
      title          = "{A New method for combining NLO QCD with shower Monte
                        Carlo algorithms}",
      journal        = "JHEP",
      volume         = "11",
      year           = "2004",
      pages          = "040",
      doi            = "10.1088/1126-6708/2004/11/040",
      eprint         = "hep-ph/0409146",
      archivePrefix  = "arXiv",
%      primaryClass   = "hep-ph",
      reportNumber   = "BICOCCA-FT-04-11",
      SLACcitation   = "%%CITATION = HEP-PH/0409146;%%"
}

@Article{Alioli:2010xd,
      author         = "Alioli, Simone and Nason, Paolo and Oleari, Carlo and Re,
                        Emanuele",
      title          = "{A general framework for implementing NLO calculations in
                        shower Monte Carlo programs: the POWHEG BOX}",
      journal        = "JHEP",
      volume         = "06",
      year           = "2010",
      pages          = "043",
      doi            = "10.1007/JHEP06(2010)043",
      eprint         = "1002.2581",
      archivePrefix  = "arXiv",
      primaryClass   = "hep-ph",
      reportNumber   = "DESY-10-018, SFB-CPP-10-22, IPPP-10-11, DCPT-10-22",
      SLACcitation   = "%%CITATION = ARXIV:1002.2581;%%"
}

@Article{EvtGen,
    author         = "{D. J. Lange}",
    title          = "{The EvtGen particle decay simulation package}",
    journal        = "Nucl. Instrum. Meth. A",
    volume         = "462",
    year           = "2001",
    pages          = "152",
    doi            = "10.1016/S0168-9002(01)00089-4",
    primaryClass   = "hep-ex",
}

